<mx:record xmlns="http://www.w3.org/TR/xhtml1/strict" xmlns:mx="http://www.loc.gov/MARC21/slim" xmlns:xsi="http://www.w3.org/2001/XMLSchema-instance"><mx:leader>00000cz   2200000n  4500</mx:leader><mx:controlfield tag="001">oca00045571 </mx:controlfield><mx:controlfield tag="005">19920210172449.3</mx:controlfield><mx:controlfield tag="008">800331n| acannaab|          |a aaa |||  </mx:controlfield><mx:datafield ind1=" " ind2=" " tag="010"><mx:subfield code="a">n  50010058 </mx:subfield></mx:datafield><mx:datafield ind1=" " ind2=" " tag="040"><mx:subfield code="a">DLC</mx:subfield><mx:subfield code="c">DLC</mx:subfield><mx:subfield code="d">DLC</mx:subfield></mx:datafield><mx:datafield ind1="1" ind2=" " tag="100"><mx:subfield code="a">Bodin, Jean,</mx:subfield><mx:subfield code="d">1530-1596</mx:subfield></mx:datafield><mx:datafield ind1="0" ind2=" " tag="400"><mx:subfield code="a">I. B.</mx:subfield><mx:subfield code="q">(Ioannes Bodinus),</mx:subfield><mx:subfield code="d">1530-1596</mx:subfield></mx:datafield><mx:datafield ind1="1" ind2=" " tag="400"><mx:subfield code="a">Bodin, Johann,</mx:subfield><mx:subfield code="d">1530-1596</mx:subfield></mx:datafield><mx:datafield ind1="1" ind2=" " tag="400"><mx:subfield code="a">Bodin, John,</mx:subfield><mx:subfield code="d">1530-1596</mx:subfield></mx:datafield><mx:datafield ind1="1" ind2=" " tag="400"><mx:subfield code="a">Bodino, Giovanni,</mx:subfield><mx:subfield code="d">1530-1596</mx:subfield></mx:datafield><mx:datafield ind1="1" ind2=" " tag="400"><mx:subfield code="a">Bodinus, Ioannes,</mx:subfield><mx:subfield code="d">1530-1596</mx:subfield></mx:datafield><mx:datafield ind1="1" ind2=" " tag="400"><mx:subfield code="a">Bodino, J.</mx:subfield><mx:subfield code="q">(Juan),</mx:subfield><mx:subfield code="d">1530-1596</mx:subfield></mx:datafield><mx:datafield ind1="1" ind2=" " tag="400"><mx:subfield code="a">Bodino, Juan,</mx:subfield><mx:subfield code="d">1530-1596</mx:subfield></mx:datafield><mx:datafield ind1="1" ind2=" " tag="400"><mx:subfield code="a">Bodinus, Johannes,</mx:subfield><mx:subfield code="d">1530-1596</mx:subfield></mx:datafield><mx:datafield ind1="1" ind2=" " tag="400"><mx:subfield code="a">Bodinus, Joannes,</mx:subfield><mx:subfield code="d">1530-1596</mx:subfield></mx:datafield><mx:datafield ind1="1" ind2=" " tag="400"><mx:subfield code="a">Herpin, Rene패,</mx:subfield><mx:subfield code="d">1530-1596</mx:subfield></mx:datafield><mx:datafield ind1="1" ind2=" " tag="400"><mx:subfield code="a">Bodin, Iean,</mx:subfield><mx:subfield code="d">1530-1596</mx:subfield></mx:datafield><mx:datafield ind1="1" ind2=" " tag="400"><mx:subfield code="a">Bodinus, I.</mx:subfield><mx:subfield code="q">(Ioannes),</mx:subfield><mx:subfield code="d">1530-1596</mx:subfield></mx:datafield><mx:datafield ind1=" " ind2=" " tag="670"><mx:subfield code="a">His Re패publique.</mx:subfield></mx:datafield><mx:datafield ind1=" " ind2=" " tag="670"><mx:subfield code="a">Symposium Internacional "Manuel Pedroso" In Memoriam (1976 : Guanajuato, Mexico). Symposium Internacional ... 1979:</mx:subfield><mx:subfield code="b">t.p. (J. Bodino) cover (Juan Bodino)</mx:subfield></mx:datafield><mx:datafield ind1=" " ind2=" " tag="670"><mx:subfield code="a">His Expose패 du droit universel, c1985:</mx:subfield><mx:subfield code="b">t.p. (Jean Bodin) facsim. t.p. (Joanne Bodino)</mx:subfield></mx:datafield><mx:datafield ind1=" " ind2=" " tag="670"><mx:subfield code="a">Weller, E. Lex. pseud., 1886</mx:subfield><mx:subfield code="b">(Herpin, Rene패: Jean Bodin)</mx:subfield></mx:datafield><mx:datafield ind1=" " ind2=" " tag="670"><mx:subfield code="a">nuc88-74939: His Les six livres de la Republique [MI] 1593</mx:subfield><mx:subfield code="b">(hdg. on CSt rept.: Bodin, Jean, 1530-1596; usage: Iean Bodin)</mx:subfield></mx:datafield><mx:datafield ind1=" " ind2=" " tag="670"><mx:subfield code="a">His I. Bodini, aduocati, Methodus ad facilem historiarum cognitionem, 1566:</mx:subfield><mx:subfield code="b">t.p. (I. Bodini, aduocati ...)</mx:subfield></mx:datafield><mx:datafield ind1=" " ind2=" " tag="999"><mx:subfield code="a">507</mx:subfield></mx:datafield></mx:record>